@online{I3D,
	author = {Joao Carreira and Andrew Zisserman},
	title = {Quo Vadis, Action Recognition? A New Model and the Kinetics Dataset},
	year = {2018},
	url = {https://arxiv.org/abs/1705.07750},	
}

@online{Inception,
	author = {Christian Szegedy, Wei Liu, Yangqing Jia, Pierre Sermanet, Scott Reed, Dragomir Anguelov, Dumitru Erhan, Vincent Vanhoucke and Andrew Rabinovich},
	title = {Going Deeper with Convolutions},
	year = {2014},
	url = {https://arxiv.org/abs/1409.4842},	
}

@article{einstein,
    author        = {Albert Einstein},
    title         = {Zur Elektrodynamik bewegter K{\"o}rper. (German) [On the electrodynamics of moving bodies]},
    journaltitle  = {Annalen der Physik},
    year          = {1905},
    volume        = {322},
    number        = {10},
    pages         = {891-921},
    doi           = {\url{http://dx.doi.org/10.1002/andp.19053221004}}
}

@book{latexcompanion,
    author        = {Michel Goossens and Frank Mittelbach and Alexander Samarin},
    title         = {The \LaTeX\ Companion},
    year          = {1993},
    publisher     = {Addison-Wesley},
    location      = {Reading, Massachusetts}
}