@online{IOU,
	organization = {Adrian Rosebrock},
	title = {Intersection over Union (IoU) for object detection},
	url = {https://www.pyimagesearch.com/2016/11/07/intersection-over-union-iou-for-object-detection/},	
}
@online{I3D,
	author = {Joao Carreira and Andrew Zisserman},
	title = {Quo Vadis, Action Recognition? A New Model and the Kinetics Dataset},
	year = {2018},
	url = {https://arxiv.org/abs/1705.07750},	
}

@online{AVA,
	organization = {Chunhui Gu and Chen Sun and David A. Ross and Carl Vondrick and Caroline Pantofaru and Yeqing Li and Sudheendra Vijayanarasimhan and George Toderici and Susanna Ricco and Rahul Sukthankar and Cordelia Schmid and Jitendra Malik},
	title = {A Video Dataset of Spatio-temporally Localized Atomic Visual Actions},
	url = {https://arxiv.org/abs/1705.08421},	
}

@article{actioness,
	title = {Actionness Estimation Using Hybrid Fully Convolutional Networks},
	author = {Limin Wang,Yu Qiao Xiaoou Tang,Luc Van Gool},
  	journal = {https://arxiv.org/pdf/1604.07279.pdf},
  	year={2016}
}

@article{peng,
	title = {Multi-region two-stream R-CNN for action detection},
	author = {Xiaojiang Peng,Cordelia Schmid},
	journal = {https://hal.inria.fr/hal-01349107v1/document},	
	year={2016}
}

@article{act,
	title = {Action Tubelet Detector for Spatio-Temporal Action Localization},
	author = {Vicky Kalogeiton,Philippe Weinzaepfel,Vittorio Ferrari Cordelia Schmid},
	journal = {https://arxiv.org/pdf/1705.01861.pdf},	
	year={2017}
}

@online{activation,
	organization = {Himanshu Sharma},
	title = {Activation Functions : Sigmoid, ReLU, Leaky ReLU and Softmax basics for Neural Networks and Deep Learning},	
url={https://medium.com/@himanshuxd/activation-functions-sigmoid-relu-leaky-relu-and-softmax-basics-for-neural-networks-and-deep-8d9c70eed91e?fbclid=IwAR1ub1ZOw-y3YeZR5lAGOimHFaX-juK5dSCBCzpRk9p9alKJ_p6rxTngcfc},	
}


@online{vgg,
	organization = {neurohive},
	title = {VGG16 – Convolutional Network for Classification and Detection},
	url ={https://neurohive.io/en/popular-networks/vgg16/},	
}

@online{object_detect,
	organization = {Thananop Kobchaisawat},
	title = {Object Detection (Part 1)},
	url ={https://medium.com/@sapjunior/object-detection-part-1-37bf39dc557f},	
}





@article{yolov3,
  title={YOLOv3: An Incremental Improvement},
  author={Redmon, Joseph and Farhadi, Ali},
  journal = {arXiv},
  year={2018}
}

@online{fully,
	organization = {prabhu},
	title = {Understanding of Convolutional Neural Network (CNN) — Deep Learning},
	url =
{https://medium.com/@RaghavPrabhu/understanding-of-convolutional-neural-network-cnn-deep-learning-99760835f148},	
}


@online{cnn,
	organization = {Natthawat Phongchit},
	title = {Convolutional Neural Network (CNN)},
	url = {https://bit.ly/2QeCuPB},	
}

@online{nms,
	organization = {Thananop Kobchaisawat},
	title = {Object Detection (Part 2)},
	url ={https://medium.com/@sapjunior/object-detection-part-2-7c41fc11011f},	
}




@online{Inception,
	organization = {Christian Szegedy and Wei Liu and Yangqing Jia and Pierre Sermanet and Scott Reed and Dragomir Anguelov and Dumitru Erhan and Vincent Vanhoucke and Andrew Rabinovich},
	title = {Going Deeper with Convolutions},
	url = {https://arxiv.org/abs/1409.4842},	
}

@online{open,
	organization = {Cartucho},
	title = {OpenLabeling: open-source image and video labeler},
	url = {https://github.com/Cartucho/OpenLabeling},	
}

@online{Dark,
	organization = {darkpgmr.lee},
	title = {DarkLabel1.3-Image Labeling and Annotation Tool},
	url = {https://darkpgmr.tistory.com/16},	
}





@inproceedings{he2016deep,
	title={Deep residual learning for image recognition},
	author={He, Kaiming and Zhang, Xiangyu and Ren, Shaoqing and Sun, Jian},
	booktitle={Proceedings of the IEEE conference on computer vision and pattern recognition},
	pages={770--778},
	year={2016},
	url = {http://openaccess.thecvf.com/content_cvpr_2016/papers/He_Deep_Residual_Learning_CVPR_2016_paper.pdf}
}

@article{luo2019alignedreid++,
	title={AlignedReID++: Dynamically matching local information for person re-identification},
	author={Luo, Hao and Jiang, Wei and Zhang, Xuan and Fan, Xing and Qian, Jingjing and Zhang, Chi},
	journal={Pattern Recognition},
	volume={94},
	pages={53--61},
	year={2019},
	publisher={Elsevier},
	url = {https://www.sciencedirect.com/science/article/abs/pii/S0031320319302031}
}

@article{chen2015experimental,
  title={An experimental survey on correlation filter-based tracking},
  author={Chen, Zhe and Hong, Zhibin and Tao, Dacheng},
  journal={arXiv preprint arXiv:1509.05520},
  year={2015}
}

@inproceedings{farneback2003two,
 	title={Two-frame motion estimation based on polynomial expansion},
	author={Farneb{\"a}ck, Gunnar},
	booktitle={Scandinavian conference on Image analysis},
	pages={363--370},
	year={2003},
	organization={Springer},
	url = {http://www.diva-portal.org/smash/get/diva2:273847/FULLTEXT01.pdf}
}

@online{Optical_Flow,
	organization = {OpenCV},
	title = {Optical Flow},
	url = {https://docs.opencv.org/3.4/d4/dee/tutorial_optical_flow.html},	
}

@inproceedings{danelljan2014accurate,
	title={Accurate scale estimation for robust visual tracking},
	author={Danelljan, Martin and H{\"a}ger, Gustav and Khan, Fahad and Felsberg, Michael},
	booktitle={British Machine Vision Conference, Nottingham, September 1-5, 2014},
	year={2014},
	organization={BMVA Press},
	url = {http://www.bmva.org/bmvc/2014/files/paper038.pdf}
}

@inproceedings{karpathy2014large,
  title={Large-scale video classification with convolutional neural networks},
  author={Karpathy, Andrej and Toderici, George and Shetty, Sanketh and Leung, Thomas and Sukthankar, Rahul and Fei-Fei, Li},
  booktitle={Proceedings of the IEEE conference on Computer Vision and Pattern Recognition},
  pages={1725--1732},
  year={2014},
  url = {https://www.cv-foundation.org/openaccess/content_cvpr_2014/papers/Karpathy_Large-scale_Video_Classification_2014_CVPR_paper.pdf}
}

@inproceedings{yue2015beyond,
  title={Beyond short snippets: Deep networks for video classification},
  author={Yue-Hei Ng, Joe and Hausknecht, Matthew and Vijayanarasimhan, Sudheendra and Vinyals, Oriol and Monga, Rajat and Toderici, George},
  booktitle={Proceedings of the IEEE conference on computer vision and pattern recognition},
  pages={4694--4702},
  year={2015},
  url = {https://www.cv-foundation.org/openaccess/content_cvpr_2015/papers/Ng_Beyond_Short_Snippets_2015_CVPR_paper.pdf}
}

@article{tran2014c3d,
  title={C3D: generic features for video analysis},
  author={Tran, Du and Bourdev, Lubomir D and Fergus, Rob and Torresani, Lorenzo and Paluri, Manohar},
  journal={CoRR, abs/1412.0767},
  volume={2},
  number={7},
  pages={8},
  year={2014}
}

@article{ma2017less,
  title={Do less and achieve more: Training cnns for action recognition utilizing action images from the web},
  author={Ma, Shugao and Bargal, Sarah Adel and Zhang, Jianming and Sigal, Leonid and Sclaroff, Stan},
  journal={Pattern Recognition},
  volume={68},
  pages={334--345},
  year={2017},
  publisher={Elsevier}
}

@inproceedings{caba2015activitynet,
  title={Activitynet: A large-scale video benchmark for human activity understanding},
  author={Caba Heilbron, Fabian and Escorcia, Victor and Ghanem, Bernard and Carlos Niebles, Juan},
  booktitle={Proceedings of the IEEE Conference on Computer Vision and Pattern Recognition},
  pages={961--970},
  year={2015},
  url = {http://openaccess.thecvf.com/content_cvpr_2015/html/Heilbron_ActivityNet_A_Large-Scale_2015_CVPR_paper.pdf}
}

@phdthesis{Schuler:2005:VBC:1104493,
 author = {Schuler, Karin Kipper},
 title = {Verbnet: A Broad-coverage, Comprehensive Verb Lexicon},
 year = {2005},
 isbn = {0-542-20049-X},
 note = {AAI3179808},
 publisher = {University of Pennsylvania},
 address = {Philadelphia, PA, USA},
} 

@inproceedings{Zaghouani:2010:RAP:1868720.1868756,
 author = {Zaghouani, Wajdi and Diab, Mona and Mansouri, Aous and Pradhan, Sameer and Palmer, Martha},
 title = {The Revised Arabic PropBank},
 booktitle = {Proceedings of the Fourth Linguistic Annotation Workshop},
 series = {LAW IV '10},
 year = {2010},
 isbn = {978-1-932432-72-5},
 location = {Uppsala, Sweden},
 pages = {222--226},
 numpages = {5},
 url = {http://dl.acm.org/citation.cfm?id=1868720.1868756},
 acmid = {1868756},
 publisher = {Association for Computational Linguistics},
 address = {Stroudsburg, PA, USA},
} 

@inproceedings{Baker:1998:BFP:980451.980860,
 author = {Baker, Collin F. and Fillmore, Charles J. and Lowe, John B.},
 title = {The Berkeley FrameNet Project},
 booktitle = {Proceedings of the 17th International Conference on Computational Linguistics - Volume 1},
 series = {COLING '98},
 year = {1998},
 location = {Montreal, Quebec, Canada},
 pages = {86--90},
 numpages = {5},
 url = {https://doi.org/10.3115/980451.980860},
 doi = {10.3115/980451.980860},
 acmid = {980860},
 publisher = {Association for Computational Linguistics},
 address = {Stroudsburg, PA, USA},
} 

@article{monfort2019moments,
  title={Moments in time dataset: one million videos for event understanding},
  author={Monfort, Mathew and Andonian, Alex and Zhou, Bolei and Ramakrishnan, Kandan and Bargal, Sarah Adel and Yan, Yan and Brown, Lisa and Fan, Quanfu and Gutfreund, Dan and Vondrick, Carl and others},
  journal={IEEE transactions on pattern analysis and machine intelligence},
  year={2019},
  publisher={IEEE}
}

@article{liu20172,
  title={E $\^{} 2$ BoWs: An End-to-End Bag-of-Words Model via Deep Convolutional Neural Network},
  author={Liu, Xiaobin and Zhang, Shiliang and Huang, Tiejun and Tian, Qi},
  journal={arXiv preprint arXiv:1709.05903},
  year={2017}
}

@article{faster,
  title={Faster R-CNN: Towards Real-Time ObjectDetection with Region Proposal Networks},
  author={Shaoqing Ren, Kaiming He, Ross and Jian Sun},
  journal={arXiv},
  volume={},
  number={0},
  pages={},
  year={2016},
  publisher={}
}

@article{jordan1994hierarchical,
  title={Hierarchical mixtures of experts and the EM algorithm},
  author={Jordan, Michael I and Jacobs, Robert A},
  journal={Neural computation},
  volume={6},
  number={2},
  pages={181--214},
  year={1994},
  publisher={MIT Press}
}


@article{kong2018human,
  title={Human action recognition and prediction: A survey},
  author={Kong, Yu and Fu, Yun},
  journal={arXiv preprint arXiv:1806.11230},
  year={2018}
}

@inproceedings{ali2006object,
  title={Object tracking using correlation, kalman filter and fast means shift algorithms},
  author={Ali, Ahmad and Mirza, Sikander Majid},
  booktitle={2006 International Conference on Emerging Technologies},
  pages={174--178},
  year={2006},
  organization={IEEE}
}